<record><leader>03240cam a2200361 i 45 0</leader><controlfield tag="001">6734008</controlfield><controlfield tag="005">20140725174126.0</controlfield><controlfield tag="008">140725t20152015enka     b    001 0 eng  </controlfield><datafield ind1=" " ind2=" " tag="010"><subfield code="a">  2014027033</subfield></datafield><datafield ind1=" " ind2=" " tag="020"><subfield code="a">9780749472375 (paperback)</subfield></datafield><datafield ind1=" " ind2=" " tag="020"><subfield code="z">9780749472368 (ebk)</subfield></datafield><datafield ind1=" " ind2=" " tag="040"><subfield code="a">DLC</subfield><subfield code="b">eng</subfield><subfield code="e">rda</subfield><subfield code="c">DLC</subfield><subfield code="d">AGPC</subfield></datafield><datafield ind1=" " ind2=" " tag="042"><subfield code="a">pcc</subfield></datafield><datafield ind1="0" ind2="0" tag="050"><subfield code="a">BF637.P36</subfield><subfield code="b">B73 2014</subfield></datafield><datafield ind1="0" ind2="0" tag="082"><subfield code="a">158.3</subfield><subfield code="2">23</subfield></datafield><datafield ind1=" " ind2=" " tag="084"><subfield code="a">SCI089000</subfield><subfield code="a">PSY021000</subfield><subfield code="2">bisacsh</subfield></datafield><datafield ind1=" " ind2=" " tag="090"><subfield code="a">BF 637 P36 B73 2014</subfield><subfield code="b">AGPC</subfield></datafield><datafield ind1="1" ind2=" " tag="100"><subfield code="a">Brann, Amy.</subfield></datafield><datafield ind1="1" ind2="0" tag="245"><subfield code="a">Neuroscience for coaches :</subfield><subfield code="b">how to use the latest insights for the benefit of your clients /</subfield><subfield code="c">Amy Brann.</subfield></datafield><datafield ind1=" " ind2="1" tag="264"><subfield code="a">London ;</subfield><subfield code="a">Philadelphia :</subfield><subfield code="b">Kogan Page,</subfield><subfield code="c">2015.</subfield></datafield><datafield ind1=" " ind2="4" tag="264"><subfield code="c">&#169;2015.</subfield></datafield><datafield ind1=" " ind2=" " tag="300"><subfield code="a">xx, 211 pages :</subfield><subfield code="b">illustrations ;</subfield><subfield code="c">24 cm</subfield></datafield><datafield ind1=" " ind2=" " tag="336"><subfield code="a">text</subfield><subfield code="2">rdacontent</subfield></datafield><datafield ind1=" " ind2=" " tag="337"><subfield code="a">unmediated</subfield><subfield code="2">rdamedia</subfield></datafield><datafield ind1=" " ind2=" " tag="338"><subfield code="a">volume</subfield><subfield code="2">rdacarrier</subfield></datafield><datafield ind1=" " ind2=" " tag="504"><subfield code="a">Includes bibliographical references (pages 196-203) and index.</subfield></datafield><datafield ind1=" " ind2=" " tag="520"><subfield code="a">"The world of coaching is competitive. Organizations want coaches who deliver results. Many coaching tools and techniques are now fairly well established -- but how do they actually work? The coach who can answer this question credibly and convincingly is sought after.  Neuroscience for Coaches equips coaches with cutting edge neuroscience information that will help them deliver greater value to their clients. It covers the foundations that they need to be aware of and how they can use this new information effectively and practically in their everyday work.  Readers will gain a clear understanding of the latest aspects of neuroscience that are relevant to coaching and be able to explain to their clients from a neuroscientific perspective why particular techniques and methods work and the benefits to them.Including valuable tools and techniques to use with coaching clients, this book enables coaches to increase the ROI they deliver to their clients and differentiate themselves in a highly competitive market. "--</subfield><subfield code="c">Provided by publisher.</subfield></datafield><datafield ind1=" " ind2=" " tag="520"><subfield code="a">"The world of coaching is competitive. Organisations want coaches who deliver results, and can prove it. Many coaching tools and techniques are now fairly well established - but how do they actually work? The coach who can answer this question credibly and convincingly is sought after. This ground-breaking book equips coaches with cutting edge neuroscience information that will help them deliver greater value to their clients. It covers the foundations that coaches need to be aware of and crucially, the ways they can use this new information effectively and practically in their everyday work. Readers will strengthen their kitbag of coaching tools and will be able to explain to their clients the neurological underpinning of the techniques they are using. No forward-thinking coach can afford to be ignorant of recent scientific developments: Neuroscience for Coaches will give them the practical knowledge they need"--</subfield><subfield code="c">Provided by publisher.</subfield></datafield><datafield ind1=" " ind2="0" tag="650"><subfield code="a">Personal coaching.</subfield></datafield><datafield ind1=" " ind2="0" tag="650"><subfield code="a">Neurosciences.</subfield></datafield><datafield ind1=" " ind2="0" tag="650"><subfield code="a">Performance</subfield><subfield code="x">Psychological aspects.</subfield></datafield><datafield ind1=" " ind2=" " tag="596"><subfield code="a">28</subfield></datafield><datafield ind1=" " ind2=" " tag="926"><subfield code="a">BF 637 P36 B73 2014</subfield><subfield code="w">LC</subfield><subfield code="c">1</subfield><subfield code="i">31847001270989</subfield><subfield code="d">3/10/2017</subfield><subfield code="e">3/10/2017</subfield><subfield code="k">CHECKEDOUT</subfield><subfield code="l">ON_SHELF</subfield><subfield code="m">GPRC_GP</subfield><subfield code="n">1</subfield><subfield code="p">$150.00</subfield><subfield code="r">M</subfield><subfield code="s">Y</subfield><subfield code="t">BOOK</subfield><subfield code="u">11/12/2014</subfield></datafield></record>